@article{li2020incremental,
  title={Incremental potential contact: intersection-and inversion-free, large-deformation dynamics.},
  author={Li, Minchen and Ferguson, Zachary and Schneider, Teseo and Langlois, Timothy R and Zorin, Denis and Panozzo, Daniele and Jiang, Chenfanfu and Kaufman, Danny M},
  journal={ACM Trans. Graph.},
  volume={39},
  number={4},
  pages={49},
  year={2020}
}
@article{liu2012quick,
  title={A quick tutorial on multibody dynamics},
  author={Liu, C Karen and Jain, Sumit},
  journal={Online tutorial, June},
  pages={7},
  year={2012}
}
@article{lan2022affine,
  title={Affine body dynamics: Fast, stable \& intersection-free simulation of stiff materials},
  author={Lan, Lei and Kaufman, Danny M and Li, Minchen and Jiang, Chenfanfu and Yang, Yin},
  journal={arXiv preprint arXiv:2201.10022},
  year={2022}
}
@article{barbicsiggraph,
  title={SIGGRAPH 2012 Course Notes FEM Simulation of 3D Deformable Solids: A practitionerâ€™s guide to theory, discretization and model reduction. Part 2: Model Reduction (version: August 4, 2012)},
  author={Barbic, Jernej}
}